@misc{Kaggle,
    title = {{Conway's Reverse Game of Life 2020}},
    year = {2020},
    url = {https://www.kaggle.com/c/conways-reverse-game-of-life-2020/overview}
}

@misc{wiki:GameOfLife,
   author = {{Wikipedia contributors}},
   title = {Conway's Game of Life},
   year = "2020",
   url = {https://en.wikipedia.org/wiki/Conway\%27s_Game_of_Life}
}

@misc{wiki:LifeLikeAutomaton,
   author = {{Wikipedia contributors}},
   title = {Life-like Cellular Automaton},
   year = "2020",
   url = {https://en.wikipedia.org/wiki/Life-like_cellular_automaton}
}

@misc{springer2020its,
      title={It's Hard for Neural Networks To Learn the Game of Life}, 
      author={Jacob M. Springer and Garrett T. Kenyon},
      year={2020},
      eprint={2009.01398},
      archivePrefix={arXiv},
      primaryClass={cs.LG}
}
 
@misc{goodfellow2014generative,
      title={Generative Adversarial Networks}, 
      author={Ian J. Goodfellow and Jean Pouget-Abadie and Mehdi Mirza and Bing Xu and David Warde-Farley and Sherjil Ozair and Aaron Courville and Yoshua Bengio},
      year={2014},
      eprint={1406.2661},
      archivePrefix={arXiv},
      primaryClass={stat.ML}
}

@misc{hyvarinen2019nonlinear,
      title={Nonlinear ICA Using Auxiliary Variables and Generalized Contrastive Learning}, 
      author={Aapo Hyvarinen and Hiroaki Sasaki and Richard E. Turner},
      year={2019},
      eprint={1805.08651},
      archivePrefix={arXiv},
      primaryClass={stat.ML}
}

@misc{brakel2017learning,
      title={Learning Independent Features with Adversarial Nets for Non-linear ICA}, 
      author={Philemon Brakel and Yoshua Bengio},
      year={2017},
      eprint={1710.05050},
      archivePrefix={arXiv},
      primaryClass={stat.ML}
}

@article{mordvintsev2020growing,
  author = {Mordvintsev, Alexander and Randazzo, Ettore and Niklasson, Eyvind and Levin, Michael},
  title = {Growing Neural Cellular Automata},
  journal = {Distill},
  year = {2020},
  note = {https://distill.pub/2020/growing-ca},
  doi = {10.23915/distill.00023}
}